
@article{Aaboud:2017fye,
      author         = "{ATLAS Collaboration}",
      title          = "{Measurements of electroweak $Wjj$ production and
                        constraints on anomalous gauge couplings with the ATLAS
                        detector}",
      journal        = "Eur. Phys. J.",
      volume         = "C77",
      year           = "2017",
      number         = "7",
      pages          = "474",
      doi            = "10.1140/epjc/s10052-017-5007-2",
      eprint         = "1703.04362",
      archivePrefix  = "arXiv",
      primaryClass   = "hep-ex",
      reportNumber   = "CERN-EP-2017-008",
      SLACcitation   = "%%CITATION = ARXIV:1703.04362;%%"
}
